%% This BibTeX bibliography file was created using BibDesk.
%% http://bibdesk.sourceforge.net/

%% Created for Natanael Log at 2017-11-17 13:48:50 +0100 


%% Saved with string encoding Unicode (UTF-8) 



@url{node-js-survey-report-2016,
	Author = {The Linux Foundation},
	Date-Added = {2017-11-17 12:47:45 +0000},
	Date-Modified = {2017-11-17 12:48:42 +0000},
	Title = {Node.js 2016 User Survey Report},
	Url = {https://nodejs.org/static/documents/2016-survey-report.pdf},
	Urldate = {2017-11-17}}

@url{libuv-webpage,
	Author = {The libuv team},
	Date-Added = {2017-11-17 12:29:43 +0000},
	Date-Modified = {2017-11-17 12:30:17 +0000},
	Title = {libuv.org},
	Url = {http://libuv.org/},
	Urldate = {2017-11-17}}

@url{ericsson-iot-forecast,
	Author = {Ericsson},
	Date-Added = {2017-11-14 10:37:29 +0000},
	Date-Modified = {2017-11-17 12:25:46 +0000},
	Lastchecked = {2017-11-14},
	Title = {Internet of Things Forecast},
	Url = {https://www.ericsson.com/en/mobility-report/internet-of-things-forecast},
	Urldate = {2017-11-14},
	Bdsk-Url-1 = {https://www.ericsson.com/en/mobility-report/internet-of-things-forecast}}

@book{design-principles-for-distributed-embedded-applications,
	Author = {Hermann Kopetz},
	Date-Added = {2017-11-14 10:28:28 +0000},
	Date-Modified = {2017-11-14 10:32:06 +0000},
	Publisher = {Springer},
	Title = {Design Principles for Distributed Embedded Applications},
	Year = {2011}}

@article{gardavsevic2017iot,
	Author = {Garda{\v{s}}evi{\'c}, Gordana and Veleti{\'c}, Mladen and Maleti{\'c}, Neboj{\v{s}}a and Vasiljevi{\'c}, Dragan and Radusinovi{\'c}, Igor and Tomovi{\'c}, Slavica and Radonji{\'c}, Milutin},
	Journal = {Wireless Personal Communications},
	Number = {1},
	Pages = {127--148},
	Publisher = {Springer},
	Title = {The IoT architectural framework, design issues and application domains},
	Volume = {92},
	Year = {2017}}

@article{risc-vs-cisc,
	Author = {T. Jamil},
	Doi = {10.1109/45.464688},
	Issn = {0278-6648},
	Journal = {IEEE Potentials},
	Keywords = {computer architecture;microprocessor chips;reduced instruction set computing;CISC;RISC;architectures;complex instruction set computing;microprocessors;reduced instruction set computing;Clocks;Computer aided instruction;Computer architecture;Costs;Decoding;Hardware;Pipelines;Reduced instruction set computing;Registers;Very large scale integration},
	Month = {Aug},
	Number = {3},
	Pages = {13-16},
	Title = {RISC versus CISC},
	Volume = {14},
	Year = {1995},
	Bdsk-Url-1 = {http://dx.doi.org/10.1109/45.464688}}

@inproceedings{elmeleegy2004lazy,
	Author = {Elmeleegy, Khaled and Chanda, Anupam and Cox, Alan L and Zwaenepoel, Willy},
	Booktitle = {USENIX Annual Technical Conference, General Track},
	Pages = {241--254},
	Title = {Lazy Asynchronous I/O for Event-Driven Servers.},
	Year = {2004}}

@inproceedings{oman1992metrics,
	Author = {Oman, Paul and Hagemeister, Jack},
	Booktitle = {Software Maintenance, 1992. Proceerdings., Conference on},
	Organization = {IEEE},
	Pages = {337--344},
	Title = {Metrics for assessing a software system's maintainability},
	Year = {1992}}
